@article{kang2019gratis,
  title={GRATIS: GeneRAting TIme Series with diverse and controllable characteristics},
  author={Kang, Yanfei and Hyndman, Rob J and Li, Feng},
  journal={arXiv preprint arXiv:1903.02787},
  year={2019}
}

@article{li2013efficient,
  title={Efficient Bayesian multivariate surface regression},
  author={Li, Feng and Villani, Mattias},
  journal={Scandinavian Journal of Statistics},
  volume={40},
  number={4},
  pages={706--723},
  year={2013},
  publisher={Wiley Online Library}
}
@Manual{forecast,
    title = {{forecast}: Forecasting functions for time series and linear models} ,author = {Rob Hyndman and George Athanasopoulos and Christoph Bergmeir and Gabriel Caceres and Leanne Chhay and Mitchell O'Hara-Wild and Fotios Petropoulos and Slava Razbash and Earo Wang and Farah Yasmeen},
year = {2018},
note = {R package version 8.3},
url = {http://pkg.robjhyndman.com/forecast},
}
@misc{tashman1991automatic,
  title={Automatic forecasting software: A survey and evaluation},
  author={Tashman, Leonard J and Leach, Michael L},
  journal={International Journal of Forecasting},
  volume={7},
  number={2},
  pages={209--230},
  year={2013},
  year={1991},
  publisher={Elsevier}
}
@article{collopy1992rule,
  title={Rule-based forecasting: development and validation of an expert systems approach to combining time series extrapolations},
  author={Collopy, Fred and Armstrong, J Scott },
  journal={Management Science},
  volume={38},
  number={10},
  pages={1394--1414},
  year={1992},
}
@article{adya2001automatic,
  title={Automatic identification of time series features for rule-based forecasting},
  author={Adya, Monica and Collopy, Fred and Armstrong, J Scott and Kennedy, Miles},
  journal={International Journal of Forecasting},
  volume={17},
  number={2},
  pages={143--157},
  year={2001},
}
@article{wang2009rule,
  title={Rule induction for forecasting method selection: meta-learning the characteristics of univariate time series},
  author={Wang, Xiaozhe and Smith-Miles, Kate and Hyndman, Rob J},
  journal={Neurocomputing},
  volume={72},
  number={10},
  pages={2581--2594},
  year={2009},
}
@article{shah1997model,
  title={Model selection in univariate time series forecasting using discriminant analysis},
  author={Shah, Chandra},
  journal={International Journal of Forecasting},
  volume={13},
  number={4},
  pages={489--500},
  year={1997},
  publisher={Elsevier}
}
@techreport{fforms,
  title={Meta-learning how to forecast time series},
  author={Talagala, Thiyanga S and Hyndman, Rob J and Athanasopoulos, George},
  type = {Working Paper},
  number = {6/18},
  institution = {Department of Econometrics \& Business Statistics, Monash University},
  year = {2018},
}
@article{rice1976,
  title={The algorithm selection problem},
  author={Rice, J R},
  journal={Advances in Computers},
  volume={15},
  pages={65-118},
  year={1976},
}
@inproceedings{prudencio2004using,
  title={Using machine learning techniques to combine forecasting methods},
  author={Prud{\^e}ncio, Ricardo and Ludermir, Teresa},
  booktitle={Australasian Joint Conference on Artificial Intelligence},
  pages={1122--1127},
  year={2004},
  organization={Springer}
}
@article{meade2000evidence,
  title={Evidence for the selection of forecasting methods},
  author={Meade, Nigel},
  journal={Journal of Forecasting},
  volume={19},
  number={6},
  pages={515--535},
  year={2000},
  publisher={Wiley Online Library}
}
@article{fforma,
  title={FFORMA: Feature-based forecast model averaging},
  author={Montero-Manso, Pablo and Hyndman, Rob J and Athanasopoulos, George and Talagala, Thiyanga S},
  journal={International Journal of Forecasting},
  pages={[to appear]},
  year = {2019}
}
@article{hyndman2006another,
  title={Another look at measures of forecast accuracy},
  author={Hyndman, Rob J and Koehler, Anne B},
  journal={International Journal of Forecasting},
  volume={22},
  number={4},
  pages={679--688},
  year={2006},
  publisher={Elsevier}
}
@article{makridakis2018m4,
  title={The M4 Competition: Results, findings, conclusion and way forward},
  author={Makridakis, Spyros and Spiliotis, Evangelos and Assimakopoulos, Vassilios},
  journal={International Journal of Forecasting},
  volume={34},
  number={4},
  pages={802--808},
  year={2018},
  publisher={Elsevier}
}
@article{spiliotis2019forecasting,
  title={Are forecasting competitions data representative of the reality?},
  author={Spiliotis, Evangelos and Kouloumos, Andreas and Assimakopoulos, Vassilios and Makridakis, Spyros},
  journal={International Journal of Forecasting},
  year={2019},
  publisher={Elsevier}
}
@article{cleveland1990stl,
  title={STL: a seasonal-trend decomposition procedure based on loess},
  author={Cleveland, Robert B and Cleveland, William S and McRae, Jean E and Terpenning, Irma},
  journal={Journal of Official Statistics},
  volume={6},
  number={1},
  pages={3--73},
  year={1990}
}
@article{kang2017visualising,
  title={Visualising forecasting algorithm performance using time series instance spaces},
  author={Kang, Yanfei and Hyndman, Rob J and Smith-Miles, Kate},
  journal={International Journal of Forecasting},
  volume={33},
  number={2},
  pages={345--358},
  year={2017},
  publisher={Elsevier}
}
@article{ingel2019correlated,
  title={Correlated daily time series and forecasting in the M4 competition},
  author={Ingel, Anti and Shahroudi, Novin and K{\"a}ngsepp, Markus and T{\"a}ttar, Andre and Komisarenko, Viacheslav and Kull, Meelis},
  journal={International Journal of Forecasting},
  year={2019},
  publisher={Elsevier}
}
@article{Petropoulos2014,
  title = {`{Horses} for Courses' in demand forecasting},
  author={Petropoulos, F and Makridakis, S and Assimakopoulos, V and Nikolopoulos, K},
  journal={European Journal of Operational Research},
  volume = {237},
  year={2014},
  number={1},
  pages={152--163}
}